<collection xmlns="http://www.loc.gov/MARC21/slim">
<record>
  <leader>02973nam0a2200445 i 450 </leader>
  <controlfield tag="001">IT\ICCU\CNCE\075692</controlfield>
  <controlfield tag="005">20110323000000.0</controlfield>
  <datafield tag="012" ind1=" " ind2=" ">
    <subfield code="a">e.eo emui deer PrPr (3) 1574 (R)</subfield>
    <subfield code="2">fei</subfield>
    <subfield code="9">1</subfield>
  </datafield>
  <datafield tag="012" ind1=" " ind2=" ">
    <subfield code="a">m,49 20r. o.51 tiCa (C) 1574 (R)</subfield>
    <subfield code="2">fei</subfield>
    <subfield code="9">2</subfield>
  </datafield>
  <datafield tag="100" ind1=" " ind2=" ">
    <subfield code="a">20110221d1574        0itac0103    ba</subfield>
  </datafield>
  <datafield tag="101" ind1=" " ind2=" ">
    <subfield code="a">LAT</subfield>
  </datafield>
  <datafield tag="102" ind1=" " ind2=" ">
    <subfield code="a">IT</subfield>
  </datafield>
  <datafield tag="200" ind1="1" ind2=" ">
    <subfield code="a">Commentarii in Clementinas constitutiones, Bonifacii de Vitaliniis, iuris pontificii, atque caesarei doctoris consumatissimi, protonotarii apostolici meritissimi: omnibus in scholis, atque in foro versantibus apprime necessarij. A Ioanne de Manassio in gymnasio Bituricensi iura tunc profitente, summarijs atque additionibus illustrati. Nunc non sine magno labore, a multis erroribus quibus scatebant, emaculati. Addito insignium locorum indice locupletissimo</subfield>
  </datafield>
  <datafield tag="210" ind1=" " ind2=" ">
    <subfield code="a">Venetiis</subfield>
    <subfield code="c">\al segno della Fontana!</subfield>
    <subfield code="d">1574</subfield>
  </datafield>
  <datafield tag="215" ind1=" " ind2=" ">
    <subfield code="a">2 pt.</subfield>
    <subfield code="d">fol</subfield>
  </datafield>
  <datafield tag="300" ind1=" " ind2=" ">
    <subfield code="a">Attribuita anche a Bonifazio Ammannati, cfr.: Un fondo di edizioni giuridiche dei secoli XV-XVII: il &quot;Dono selvatico&quot;, Roma 1984 p. 2312: Repertorium siue Index copiosissimus super commentariis d. Bonifacii de Vitaliniis</subfield>
  </datafield>
  <datafield tag="620" ind1=" " ind2=" ">
    <subfield code="a">IT</subfield>
    <subfield code="d">Venezia</subfield>
  </datafield>
  <datafield tag="702" ind1=" " ind2="1">
    <subfield code="a">Vitalini,</subfield>
    <subfield code="b">Bonifacio</subfield>
    <subfield code="3">IT\ICCU\CNCA\005650</subfield>
  </datafield>
  <datafield tag="702" ind1=" " ind2="0">
    <subfield code="a">Ioannes</subfield>
    <subfield code="c"> : de#Manassio</subfield>
    <subfield code="3">IT\ICCU\CNCA\011041</subfield>
  </datafield>
  <datafield tag="702" ind1=" " ind2="1">
    <subfield code="a">Ammannati,</subfield>
    <subfield code="b">Bonifazio</subfield>
    <subfield code="3">IT\ICCU\CNCA\020380</subfield>
  </datafield>
  <datafield tag="712" ind1="0" ind2="2">
    <subfield code="a">℗al segno della ℗Fontana</subfield>
    <subfield code="3">IT\ICCU\CNCT\000186</subfield>
    <subfield code="4">650</subfield>
  </datafield>
  <datafield tag="790" ind1=" " ind2="1">
    <subfield code="a">Vitalinis,</subfield>
    <subfield code="b">Bonifacius : de</subfield>
    <subfield code="3">IT\ICCU\CNCA\025621</subfield>
    <subfield code="z">Vitalini, Bonifacio</subfield>
  </datafield>
  <datafield tag="790" ind1=" " ind2="1">
    <subfield code="a">Vitalini,</subfield>
    <subfield code="b">Bonifazio</subfield>
    <subfield code="3">IT\ICCU\CNCA\025622</subfield>
    <subfield code="z">Vitalini, Bonifacio</subfield>
  </datafield>
  <datafield tag="790" ind1=" " ind2="1">
    <subfield code="a">Vitalini,</subfield>
    <subfield code="b">Boniface</subfield>
    <subfield code="3">IT\ICCU\CNCA\025623</subfield>
    <subfield code="z">Vitalini, Bonifacio</subfield>
  </datafield>
  <datafield tag="790" ind1=" " ind2="1">
    <subfield code="a">Manassio,</subfield>
    <subfield code="b">Ioannes : de</subfield>
    <subfield code="3">IT\ICCU\CNCA\016216</subfield>
    <subfield code="z">Ioannes : de#Manassio</subfield>
  </datafield>
  <datafield tag="790" ind1=" " ind2="1">
    <subfield code="a">Ammannati,</subfield>
    <subfield code="b">Bonifacio : degli</subfield>
    <subfield code="3">IT\ICCU\CNCA\021136</subfield>
    <subfield code="z">Ammannati, Bonifazio</subfield>
  </datafield>
  <datafield tag="801" ind1=" " ind2="3">
    <subfield code="a">IT</subfield>
    <subfield code="b">ICCU</subfield>
    <subfield code="c">20201115</subfield>
  </datafield>
  <datafield tag="899" ind1=" " ind2=" ">
    <subfield code="a">Biblioteca statale. Cremona</subfield>
    <subfield code="1">CR0062</subfield>
    <subfield code="2">LO1 28</subfield>
  </datafield>
  <datafield tag="899" ind1=" " ind2=" ">
    <subfield code="a">Biblioteca della Pontificia universit ̉Urbaniana. Citt ̉del Vaticano</subfield>
    <subfield code="1">EX0003</subfield>
    <subfield code="2">ZCV 04</subfield>
  </datafield>
  <datafield tag="899" ind1=" " ind2=" ">
    <subfield code="a">Biblioteca Giovardiana. Veroli</subfield>
    <subfield code="1">FR0072</subfield>
    <subfield code="2">RMS G1</subfield>
  </datafield>
  <datafield tag="899" ind1=" " ind2=" ">
    <subfield code="a">Biblioteca comunale Mozzi-Borgetti. Macerata</subfield>
    <subfield code="1">MC0049</subfield>
    <subfield code="2">UMC CM</subfield>
  </datafield>
  <datafield tag="899" ind1=" " ind2=" ">
    <subfield code="a">Biblioteca comunale Forteguerriana. Pistoia</subfield>
    <subfield code="1">PT0025</subfield>
    <subfield code="2">RT1 IE</subfield>
  </datafield>
  <datafield tag="899" ind1=" " ind2=" ">
    <subfield code="a">Biblioteca dell&apos;Accademia Alfonsiana. Roma</subfield>
    <subfield code="1">RM0271</subfield>
    <subfield code="2">ZRM 03</subfield>
  </datafield>
  <datafield tag="899" ind1=" " ind2=" ">
    <subfield code="a">Biblioteca Casanatense. Roma</subfield>
    <subfield code="1">RM0313</subfield>
    <subfield code="2">RML 07</subfield>
  </datafield>
  <datafield tag="899" ind1=" " ind2=" ">
    <subfield code="a">Biblioteca del Senato della Repubblica Giovanni Spadolini. Roma</subfield>
    <subfield code="1">RM0427</subfield>
    <subfield code="2">ZRM 12</subfield>
  </datafield>
  <datafield tag="899" ind1=" " ind2=" ">
    <subfield code="a">Sistema bibliotecario di ateneo. Trento</subfield>
    <subfield code="1">TN0123</subfield>
  </datafield>
  <datafield tag="911" ind1=" " ind2=" ">
    <subfield code="a">Sul front. del v. 1</subfield>
    <subfield code="9">IT\ICCU\CNCM\000799</subfield>
  </datafield>
  <datafield tag="911" ind1=" " ind2=" ">
    <subfield code="a">Sul front. del v. 2</subfield>
    <subfield code="9">IT\ICCU\CNCM\000797</subfield>
  </datafield>
  <datafield tag="921" ind1=" " ind2=" ">
    <subfield code="a">IT\ICCU\CNCM\000799</subfield>
    <subfield code="b">Fontana con corona, con basamento sorretto da cariatidi</subfield>
    <subfield code="c">V523</subfield>
    <subfield code="d">Dimensioni: 10,5 x 14</subfield>
    <subfield code="f">FONTANA</subfield>
    <subfield code="g">1574-1590</subfield>
  </datafield>
  <datafield tag="921" ind1=" " ind2=" ">
    <subfield code="a">IT\ICCU\CNCM\000797</subfield>
    <subfield code="b">Fontana zampillante sormontata da Nettuno coronato con un granchio in mano, seduto su un cigno ad ali spiegate. In cornice figurata</subfield>
    <subfield code="c">V280</subfield>
    <subfield code="d">Dimensioni: 12,5 x 16</subfield>
    <subfield code="f">FONTANA</subfield>
    <subfield code="f">GRANCHIO</subfield>
    <subfield code="g">1571-1589</subfield>
  </datafield>
</record>
</collection>
